@book{c_nutshell,
	address = {Sebastopol, CA},
	publisher = {O'Reilly},
	author = {Prince, Peter and Crawford, Tony},
	title = {C in a Nutshell},
	year = {2016},
	edition = {2},
}

@book{operating_systems,
	publisher = {CREATESPACE},
	author = {Arpaci-Dusseau, Remzi H. and Arpaci-Dusseau, Andrea C.},
	title = {Operating Systems: Three Easy Pieces},
	year = {2018},
	version = {1.0},
}

@book{kr_manual,
	publisher = {Pearson},
	author = {Kernighan, Brian W. and Ritchie, Dennis M.},
	title = {The C Programming Language},
	year = {2015},
	edition = {2},
}

@book{alrorithms_with_c,
	address = {Sebastopol, CA},
	publisher = {O'Reilly},
	author = {Loudon, Kyle},
	title = {Mastoring Algorithms with C},
	year = {1999},
	edition = {1},
}

@book{ds_a_made_easy,
	publisher = {CareerMonk Publications},
	author = {Karumanchi, Narasimha},
	title = {Data Structures and Algorithms Made Easy},
	year = {2017},
	edition = {5},
}

@book{beej_network_programming,
	publisher = {Brian “Beej Jorgensen” Hall},
	author = {Hall, Brian},
	title = {Beej's Guide to Network Programming: Using Internet Sockets},
	year = {16},
	version = {3.0.21},
}

@book{beej_unix_ipc,
	publisher = {Brian “Beej Jorgensen” Hall},
	author = {Hall, Brian},
	title = {Beej's Guide to Unix IPC},
	year = {15},
	version = {1.1.3},
}

@book{linux_programming_interface,
	address = {San Francisco, CA},
	publisher = {No Starch Press},
	author = {Kerrisk, Michael},
	title = {The Linux Programming Interface},
	year = {2010},
	edition = {1},
}

@book{computer_systems,
	publisher = {Pearson},
	author = {Bryant, Randal E. and O'Hallaron, David R.},
	title = {Computer Systems: A Programmer's Perspective},
	year = {2016},
	edition = {3},
}

@book{embedded_c,
	address = {Germantown, MD},
	publisher = {Barr Group},
	author = {Barr, Michael},
	title = {Embedded C Coding Standard},
	year = {2018},
	edition = {BARR-C:2018}
}